<?xml version="1.0" encoding="UTF-8" ?>
<collection xmlns:xsi="http://www.w3.org/2001/XMLSchema-instance" xsi:schemaLocation="http://www.loc.gov/MARC21/slim http://www.loc.gov/standards/marcxml/schema/MARC21slim.xsd" xmlns="http://www.loc.gov/MARC21/slim">
   <record>
      <leader>     cam a22     ua 4500</leader>
      <controlfield tag="001">2878280</controlfield>
      <controlfield tag="003">COO</controlfield>
      <controlfield tag="005">20140811230945.0</controlfield>
      <controlfield tag="008">841204m19709999iq            001 0 arar </controlfield>
      <datafield tag="010" ind1=" " ind2=" ">
         <subfield code="a">   74096810  </subfield>
      </datafield>
      <datafield tag="035" ind1=" " ind2=" ">
         <subfield code="a">(CStRLIN)NYCXRLA73101B</subfield>
      </datafield>
      <datafield tag="035" ind1=" " ind2=" ">
         <subfield code="a">(NIC)notisAPC9298</subfield>
      </datafield>
      <datafield tag="035" ind1=" " ind2=" ">
         <subfield code="a">(OCoLC)11450647</subfield>
      </datafield>
      <datafield tag="035" ind1=" " ind2=" ">
         <subfield code="a">2878280</subfield>
      </datafield>
      <datafield tag="040" ind1=" " ind2=" ">
         <subfield code="d">TxU-L</subfield>
         <subfield code="d">CStRLIN</subfield>
         <subfield code="d">UPRA</subfield>
      </datafield>
      <datafield tag="050" ind1=" " ind2="4">
         <subfield code="a">KMJ1710</subfield>
         <subfield code="b">.A41 1970</subfield>
      </datafield>
      <datafield tag="100" ind1="1" ind2=" ">
         <subfield code="a">ʻAllām, ʻAbd al-Raḥmān.</subfield>
      </datafield>
      <datafield tag="245" ind1="1" ind2="0">
         <subfield code="a">Sharḥ qānūn al-murāfaʻāt al-madanīyah raqm 83 li-sanat 1969 :</subfield>
         <subfield code="b">maʻa al-mubādiʾ al-qānūnīyah li-qarārāt Maḥkamat Tamyīz al-ʻIrāq murattabatan ʻalā mawād al-qānūn  /</subfield>
         <subfield code="c">[taʾlīf] ʻAbd al-Raḥmān al-ʻAllām.</subfield>
      </datafield>
      <datafield tag="260" ind1=" " ind2=" ">
         <subfield code="a">Baghdād :</subfield>
         <subfield code="b">Maṭbaʻat al-ʻĀnī,</subfield>
         <subfield code="c">1970-</subfield>
      </datafield>
      <datafield tag="300" ind1=" " ind2=" ">
         <subfield code="a">v. ;</subfield>
         <subfield code="c">25 cm.</subfield>
      </datafield>
      <datafield tag="504" ind1=" " ind2=" ">
         <subfield code="a">Includes bibliographical references and index.</subfield>
      </datafield>
      <datafield tag="650" ind1=" " ind2="0">
         <subfield code="a">Civil procedure</subfield>
         <subfield code="z">Iraq.</subfield>
      </datafield>
      <datafield tag="710" ind1="1" ind2=" ">
         <subfield code="a">Iraq.</subfield>
         <subfield code="t">Qānūn al-murāfaʻāt al-madanīyah.</subfield>
      </datafield>
      <datafield tag="710" ind1="1" ind2=" ">
         <subfield code="a">Iraq.</subfield>
         <subfield code="b">Maḥkamat al-Tamyīz.</subfield>
      </datafield>
      <datafield tag="905" ind1=" " ind2=" ">
         <subfield code="a">19981221120000.0</subfield>
      </datafield>
      <datafield tag="950" ind1=" " ind2=" ">
         <subfield code="l">LAFO</subfield>
         <subfield code="a">KF3196</subfield>
         <subfield code="b">.A41</subfield>
      </datafield>
      <datafield tag="903" ind1=" " ind2=" ">
         <subfield code="a">NYUACO</subfield>
         <subfield code="d">20141028</subfield>
         <subfield code="p">31924025021530</subfield>
      </datafield>
      <datafield tag="950" ind1=" " ind2=" ">
         <subfield code="a">KMJ1710</subfield>
         <subfield code="b">.A41 1970</subfield>
         <subfield code="v"> </subfield>
      </datafield>
   </record>
</collection>
